
@article{Cheng_2014,
  title={Machine learning-based prediction of drug--drug interactions by integrating drug phenotypic, therapeutic, chemical, and genomic properties},
  author={Cheng, Feixiong and Zhao, Zhongming},
  journal={Journal of the American Medical Informatics Association},
  year={2014},
  publisher={BMJ Publishing Group Ltd}
}

@article{Amini_2013,
  title={Prediction and control of stroke by data mining},
  author={Amini, Leila and Azarpazhouh, Reza and Farzadfar, Mohammad Taghi and Mousavi, Sayed Ali and Jazaieri, Farahnaz and Khorvash, Fariborz and Norouzi, Rasul and Toghianfar, Nafiseh},
  journal={International Journal of Preventive Medicine},
  volume={4},
  number={Suppl 2},
  pages={S245},
  year={2013},
  publisher={Medknow Publications}
}

@article{Acharya_2012,
  title={Atherosclerotic risk stratification strategy for carotid arteries using texture-based features},
  author={Acharya, U. Rajendra and Vinitha Sree, S. and Muthu Rama Krishnan, M. and Molinari, Filippo and Saba, Luca and Ho, Sin Yee Stella and Ahuja, Anil T. and Ho, Suzanne C. and Nicolaides, Andrew and Suri, Jasjit S.},
  journal={Ultrasound in Medicine \& Biology},
  volume={38},
  number={6},
  pages={899--915},
  year={2012},
  publisher={Elsevier}
}

@article{Arif_2012,
  title={Detection and localization of myocardial infarction using K-nearest neighbor classifier},
  author={Arif, Muhammad and Malagore, Ijaz A. and Afsar, Fayyaz A.},
  journal={Journal of Medical Systems},
  volume={36},
  number={1},
  pages={279--289},
  year={2012},
  publisher={Springer}
}

@article{Parry_2010,
  title={k-Nearest neighbor models for microarray gene expression analysis and clinical outcome prediction},
  author={Parry, RM and Jones, W and Stokes, TH and Phan, JH and Moffitt, RA and Fang, H and Shi, L and Oberthuer, A and Fischer, M and Tong, W and others},
  journal={The Pharmacogenomics Journal},
  volume={10},
  number={4},
  pages={292--309},
  year={2010},
  publisher={Nature Publishing Group}
}

@article{Gurgen_2003,
  title={Intelligent data analysis to interpret major risk factors for diabetic patients with and without ischemic stroke in a small population},
  author={G{\"u}rgen, Fikret and G{\"u}rgen, Nurg{\"u}l},
  journal={Biomedical Engineering Online},
  volume={2},
  number={1},
  pages={5},
  year={2003},
  publisher={BioMed Central Ltd}
}

@inproceedings{Chen_2007,
  title={Predicting coronary artery disease with medical profile and gene polymorphisms data},
  author={Chen, Qiongyu and Li, Guoliang and Leong, Tze-Yun and others},
  booktitle={Medinfo 2007: Proceedings of the 12th World Congress on Health (Medical) Informatics; Building Sustainable Health Systems},
  pages={1219},
  year={2007},
  organization={IOS Press}
}

%%%%%%%%%%%%%
%% Julian added 10/29/2014
%%%%%%%%%%%%%%

@article{Domingos1997,
	author = {Domingos, Pedro and Pazzani, M},
	journal = {Machine Learning},
	keywords = {induction,naive bayesian classifier,optimal classification,simple bayesian classifier,with attribute dependences,zero-one loss},
	pages = {103--130},
	title = {{On the optimality of the simple Bayesian classifier under zero-one loss}},
	url = {http://link.springer.com/article/10.1023/A:1007413511361},
	volume = {29},
	year = {1997}
}
@inproceedings{John1995,
	author = {John, George H and Langley, Pat},
	booktitle = {Proceedings of the Eleventh Conference on Uncertainty in Artificial Intelligence},
	file = {:Z$\backslash$:/PDFlib/John/1995 - Estimating Continuous Distributions in Bayesian Classi ers.pdf:pdf},
	title = {{Estimating Continuous Distributions in Bayesian Classifiers}},
	year = {1995}
}

%%%%%%%%%%%%%%%%%%%%%%%%%%%%%%%%%%%%%%%%%%%%%%%%%%%%%%%%%%%%%%

%%% David added references

%%%%%%%%%%%%%%%%%%%%%%%%%%%%%%%%%%%%%%%%%%%%%%%%%%%%%%%%%%%%%%

@book{Boos_2013,
  title={Essential Statistical Inference: Theory and Methods},
  author={Boos, Dennis D. and Stefanski, L. A.},
  year={2013},
  publisher={Springer},
  address={New York}
}


@article{Sundberg_1972,
  title={The Rate of Convergence of k-{NN} Regression Estimates and Classification Rules},
  author={Sundberg, CE and Aulin, T and Rydbeck, N and others},
  journal={IEEE Trans. Commun},
  volume={20},
  pages={429--435},
  year={1972}
}

@article{Loh_2008,
  title={Classification and regression tree methods},
  author={Loh, Wei-Yin},
  journal={Encyclopedia of Statistics in Quality and Reliability},
  year={2008},
  publisher={Wiley Online Library}
}

@book{Lehmann_1998,
  title={Theory of Point Estimation},
  author={Lehmann, E.L. and Casella, George},
  volume={31},
  year={1998},
  publisher={Springer}
}

@book{Kuhn_2013,
  title={Applied Predictive Modeling},
  author={Kuhn, Max and Johnson, Kjell},
  year={2013},
  publisher={Springer},
  location={New York}
}

@book{Quinlan_1993,
 author = {Quinlan, J. Ross},
 title = {C4.5: Programs for Machine Learning},
 year = {1993},
 isbn = {1-55860-238-0},
 publisher = {Morgan Kaufmann Publishers Inc.},
 address = {San Francisco, CA, USA},
}

@article{Shim_2009,
  title={Support vector censored quantile regression under random censoring},
  author={Shim, Jooyong and Hwang, Changha},
  journal={Computational Statistics \& Data Analysis},
  volume={53},
  number={4},
  pages={912--919},
  year={2009},
  publisher={Elsevier}
}

@inproceedings{Shivaswamy_2007,
  title={A support vector approach to censored targets},
  author={Shivaswamy, Pannagadatta K and Chu, Wei and Jansche, Martin},
  booktitle={Seventh IEEE International Conference on Data Mining, 2007. ICDM 2007. },
  pages={655--660},
  year={2007},
  organization={IEEE}
}

@article{VanBelle_2011,
  title={Support vector methods for survival analysis: a comparison between ranking and regression approaches},
  author={Van Belle, Vanya and Pelckmans, Kristiaan and Van Huffel, Sabine and Suykens, Johan AK},
  journal={Artificial Intelligence in Medicine},
  volume={53},
  number={2},
  pages={107--118},
  year={2011},
  publisher={Elsevier}
}

@inproceedings{Khan_2008,
  title={Support vector regression for censored data {(SVRc)}: a novel tool for survival analysis},
  author={Khan, Faisal M. and Zubek, Valentina Bayer},
  booktitle={Eighth IEEE International Conference on Data Mining (ICDM 2008)},
  pages={863--868},
  year={2008},
  organization={IEEE}
}

@article{Goldberg_2012,
  title={Support vector regression for right censored data},
  author={Goldberg, Yair and Kosorok, Michael R.},
  journal={arXiv preprint arXiv:1202.5130},
  year={2012}
}

@article{Ripley_2001,
  title={Neural networks as statistical methods in survival analysis},
  author={Ripley, Brian D and Ripley, Ruth M},
  journal={Clinical Applications of Artificial Neural Networks},
  pages={237--255},
  year={2001},
  publisher={Cambridge University Press}
}

@article{Biganzoli_1998,
  title={Feed forward neural networks for the analysis of censored survival data: A partial logistic regression approach},
  author={Biganzoli, Elia and Boracchi, Patrizia and Mariani, Luigi and Marubini, Ettore},
  journal={Statistics in Medicine},
  volume={17},
  number={10},
  month={May},
  date={30},
  pages={1169--1186},
  year={1998},
  publisher={Wiley Online Library}
}

@article{Zhu_2012,
  title={Recursively imputed survival trees},
  author={Zhu, Ruoqing and Kosorok, Michael R},
  journal={Journal of the American Statistical Association},
  volume={107},
  number={497},
  pages={331--340},
  year={2012},
  publisher={Taylor \& Francis}
}

@article{Segal_1988,
  title={Regression trees for censored data},
  author={Segal, Mark Robert},
  journal={Biometrics},
  pages={35--47},
  year={1988},
  publisher={JSTOR}
}

@article{Hothorn_2004,
  title={Bagging survival trees},
  author={Hothorn, Torsten and Lausen, Berthold and Benner, Axel and Radespiel-Tr{\"o}ger, Martin},
  journal={Statistics in Medicine},
  volume={23},
  number={1},
  pages={77--91},
  year={2004},
  publisher={Wiley Online Library}
}

@article{Lin_2014,
  title={Predictive Analytics for Chronic Care: A Time-to-Event Modeling Framework Using Electronic Health Records},
  author={Lin, Yu-Kai and Chen, Hsinchun and Brown, Randall A and Li, Shu-Hsing and Yang, Hung-Jen},
  journal={Available at SSRN 2444025},
  year={2014}
}

@article{Ng_2014,
  title={{PARAMO}: A {PARAllel} predictive {MOdeling} platform for healthcare analytic research using electronic health records},
  author={Ng, Kenney and Ghoting, Amol and Steinhubl, Steven R and Stewart, Walter F and Malin, Bradley and Sun, Jimeng},
  journal={Journal of biomedical informatics},
  volume={48},
  pages={160--170},
  year={2014},
  publisher={Elsevier}
}

@inproceedings{Wang_2013,
  title={Exploring Patient Risk Groups with Incomplete Knowledge},
  author={Wang, Xiang and Wang, Fei and Wang, Jun and Qian, Buyue and Hu, Jianying},
  booktitle={Data Mining (ICDM), 2013 IEEE 13th International Conference on},
  pages={1223--1228},
  year={2013},
  organization={IEEE}
}

@incollection{Stewart_2014,
  title={Clinical Utility of Machine Learning and Longitudinal EHR Data},
  author={Stewart, Walter F and Roy, Jason and Sun, Jimeng and Ebadollahi, Shahram},
  booktitle={Machine Learning in Healthcare Informatics},
  pages={209--227},
  year={2014},
  publisher={Springer}
}

@article{Qian_2014,
  title={A relative similarity based method for interactive patient risk prediction},
  author={Qian, Buyue and Wang, Xiang and Cao, Nan and Li, Hongfei and Jiang, Yu-Gang},
  journal={Data Mining and Knowledge Discovery},
  pages={1--24},
  year={2014},
  publisher={Springer}
}

@inproceedings{Kawaler_2012,
  title={Learning to predict post-hospitalization VTE risk from EHR data},
  author={Kawaler, Emily and Cobian, Alexander and Peissig, Peggy and Cross, Deanna and Yale, Steve and Craven, Mark},
  booktitle={AMIA Annual Symposium Proceedings},
  volume={2012},
  pages={436},
  year={2012},
  organization={American Medical Informatics Association}
}

@article{Kennedy_2013,
  title={Improved cardiovascular risk prediction using nonparametric regression and electronic health record data},
  author={Kennedy, Edward H. and Wiitala, Wyndy L. and Hayward, Rodney A. and Sussman, Jeremy B.},
  journal={Medical Care},
  volume={51},
  number={3},
  pages={251--258},
  year={2013},
  publisher={LWW}
}

@article{Austin_2013,
  title={Using methods from the data-mining and machine-learning literature for disease classification and prediction: a case study examining classification of heart failure subtypes},
  author={Austin, Peter C. and Tu, Jack V. and Ho, Jennifer E. and Levy, Daniel and Lee, Douglas S.},
  journal={Journal of Clinical Epidemiology},
  volume={66},
  number={4},
  pages={398--407},
  year={2013},
  month={April},
  publisher={Elsevier}
}

@inproceedings{Sun_2012,
  title={Combining knowledge and data driven insights for identifying risk factors using electronic health records},
  author={Sun, Jimeng and Hu, Jianying and Luo, Dijun and Markatou, Marianthi and Wang, Fei and Edabollahi, Shahram and Steinhubl, Steven E and Daar, Zahra and Stewart, Walter F},
  booktitle={AMIA Annual Symposium Proceedings},
  volume={2012},
  pages={901},
  year={2012},
  organization={American Medical Informatics Association}
}

@article{Wu_2010,
  title={Prediction modeling using {EHR} data: challenges, strategies, and a comparison of machine learning approaches},
  author={Wu, Jionglin and Roy, Jason and Stewart, Walter F},
  journal={Medical Care},
  volume={48},
  number={6},
  pages={S106--S113},
  year={2010},
  publisher={LWW}
}


%%% Added 10/3/2014 %%%
  @Article{vanBuuren2011,
  	title = {{mice}: Multivariate Imputation by Chained Equations in R},
  	author = {Stef {van Buuren} and Karin Groothuis-Oudshoorn},
  	journal = {Journal of Statistical Software},
  	year = {2011},
  	volume = {45},
  	number = {3},
  	pages = {1--67},
  	url = {http://www.jstatsoft.org/v45/i03/},
  }

@article{Mansiaux2014,
	title={Detection of independent associations in a large epidemiologic dataset: a comparison of random forests, boosted regression trees, conventional and penalized logistic regression for identifying independent factors associated with H1N1pdm influenza infections},
	author={Mansiaux, Yohann and Carrat, Fabrice},
	journal={BMC medical research methodology},
	volume={14},
	number={1},
	pages={99},
	year={2014},
	publisher={BioMed Central Ltd}
}
@article{Liu2014,
	title={Hepatocellular Carcinoma: Surveillance CT Schedule after Hepatectomy Based on Risk Stratification},
	author={Liu, Dan and Fong, Daniel YT and Chan, Albert CY and Poon, Ronnie TP and Khong, Pek-Lan},
	journal={Radiology},
	year={2014},
	publisher={Radiological Society of North America}
}
@article{Munoz2014,
	title={Classification Models for Neurocognitive Impairment in HIV Infection Based on Demographic and Clinical Variables},
	author={Mu{\~n}oz-Moreno, Jose A and P{\'e}rez-{\'A}lvarez, N{\'u}ria and Mu{\~n}oz-Murillo, Amalia and Prats, Anna and Garolera, Maite and Jurado, M {\`A}ngels and Fumaz, Carmina R and Negredo, Eug{\`e}nia and Ferrer, Maria J and Clotet, Bonaventura},
	journal={PloS one},
	volume={9},
	number={9},
	pages={e107625},
	year={2014},
	publisher={Public Library of Science}
}
@article{Hartney2014,
	title={Bounceback branchpoints: Using conditional inference trees to analyze readmissions},
	author={Hartney, Mark and Liu, Yazhuo and Velanovich, Vic and Fabri, Peter and Marcet, Jorge and Grieco, Michael and Huang, Shuai and Zayas-Castro, Jose},
	journal={Surgery},
	volume={156},
	number={4},
	pages={842--848},
	year={2014},
	publisher={Elsevier}
}
@article{Abdollah2014,
	title={Impact of adjuvant radiotherapy on survival of patients with node-positive prostate cancer},
	author={Abdollah, Firas and Karnes, R. Jeffrey and Suardi, Nazareno and Cozzarini, Cesare and Gandaglia, Giorgio and Fossati, Nicola and Vizziello, Damiano
 and Sun, Maxine and Karakiewicz, Pierre I. and Menon, Mani and  Montorsi, Francesco  and Briganti, Alberto },
	journal={Journal of Clinical Oncology},
	pages={in press},
	year={2014},
	publisher={American Society of Clinical Oncology}
}

@article{Detsky1997,
	title={Primer on medical decision analysis: part 2—building a tree},
	author={Detsky, Allan S and Naglie, Gary and Krahn, Murray D and Redelmeier, Donald A and Naimark, David},
	journal={Medical decision making},
	volume={17},
	number={2},
	pages={126--135},
	year={1997},
	publisher={Sage Publications}
}

@article{Olanow2001,
	title={An algorithm (decision tree) for the management of Parkinson’s disease (2001): treatment guidelines},
	author={Olanow, C Warren and Watts, Ray L and Koller, William C},
	journal={Neurology},
	volume={56},
	number={suppl 5},
	pages={S1--S88},
	year={2001},
	publisher={AAN Enterprises}
}

@article{Gambhir1996,
	title={Decision tree sensitivity analysis for cost-effectiveness of FDG-PET in the staging and management of non-small-cell lung carcinoma.},
	author={Gambhir, SS and Hoh, CK and Phelps, ME and Madar, I and Maddahi, J},
	journal={Journal of nuclear medicine: official publication, Society of Nuclear Medicine},
	volume={37},
	number={9},
	pages={1428--1436},
	year={1996}
}

@article{Qu2002,
	title={Boosted decision tree analysis of surface-enhanced laser desorption/ionization mass spectral serum profiles discriminates prostate cancer from noncancer patients},
	author={Qu, Yinsheng and Adam, Bao-Ling and Yasui, Yutaka and Ward, Michael D and Cazares, Lisa H and Schellhammer, Paul F and Feng, Ziding and Semmes, O John and Wright, George L},
	journal={Clinical Chemistry},
	volume={48},
	number={10},
	pages={1835--1843},
	year={2002},
	publisher={Am Assoc Clin Chem}
}

@article{Bandyopadhyay2014,
  title={Data mining for censored time-to-event data: A Bayesian network model for predicting cardiovascular risk from electronic health record data},
  author={Bandyopadhyay, Sunayan and Wolfson, Julian and Vock, David M and Vazquez-Benitez, Gabriela and Adomavicius, Gediminas and Elidrisi, Mohamed and Johnson, Paul E and O'Connor, Patrick J},
  journal={Data Mining and Knowledge Discovery},
  year={2014}
  pages={in press}
}
	
@article{deCampos2011,
  title={Efficient structure learning of Bayesian networks using constraints},
  author={De Campos, Cassio P. and Ji, Qiang},
  journal={The Journal of Machine Learning Research},
  volume={12},
  pages={663--689},
  year={2011},
  publisher={JMLR. org}
}

@article{Friedman2000,
  title={Additive logistic regression: A statistical view of boosting},
  author={Friedman, Jerome and Hastie, Trevor and Tibshirani, Robert},
  journal={The Annals of Statistics},
  volume={28},
  number={2},
  pages={337--407},
  year={2000},
  publisher={Institute of Mathematical Statistics}
}

@book{Wood2006generalized,
  title={Generalized additive models: an introduction with R},
  author={Wood, Simon},
  year={2006},
  publisher={CRC Press}
}

@article{Lumley2004,
  title={Analysis of complex survey samples},
  author={Lumley, Thomas},
  journal={Journal of Statistical Software},
  volume={9},
  number={1},
  pages={1--19},
  year={2004}
}

@Manual{RProject,
    title = {R: A Language and Environment for Statistical Computing},
    author = {{R Core Team}},
    organization = {R Foundation for Statistical Computing},
    address = {Vienna, Austria},
    year = {2014},
    url = {http://www.R-project.org/},
  }


@article{Akaike1974,
  title={A new look at the statistical model identification},
  author={Akaike, Hirotugu},
  journal={IEEE Transactions on Automatic Control},
  volume={19},
  number={6},
  pages={716--723},
  year={1974},
  month = {Dec.}
  publisher={Ieee}
}

@book{Agresti2002categorical,
  title={Categorical Data Analysis},
  author={Alan Agresti},
  series={Wiley series in probability and statistics},
  year={2012},
  edition={Third},
  publisher={Wiley-Interscience}
  address = {Hoboken, New Jersey}
}

%%% Added 09/17/2014 %%%

@book{Breiman1984classification,
  title={Classification and Regression Trees},
  author={Breiman, Leo and Friedman, Jerome and Stone, Charles J. and Olshen, Richard A.},
  year={1984},
  publisher={CRC Press}
}

%%% Ref added by Julian 08/19/2014 %%%%
@techreport{Bilmes_1998,
    author = {Jeff A. Bilmes},
    title = {A Gentle Tutorial of the EM Algorithm and its Application to Parameter Estimation for Gaussian Mixture and Hidden Markov Models},
    institution = {University of California, Berkeley},
    year = {1998}
}
%%%% End added ref %%%%

@article{Collins_2009,
	author={Gary S. Collins and Douglas G. Altman},
	year={2009},
	month={July},
    date= {7},
	title={An independent external validation and evaluation of {QRISK} cardiovascular risk prediction: {A} prospective open cohort study},
	journal={British Medical Journal},
	volume={339},
	pages={b2584},
	isbn={0959-8146}
}

@article{Hosmer_1980,
    author={Hosmer, David W and Lemesbow, Stanley},
    journal={Communications in Statistics-Theory and Methods},
	year={1980},
	title={Goodness of Fit Tests for the Multiple Logistic Regression-Model},
	volume={9},
	number={10},
	pages={1043-1069},
	isbn={0361-0926}
}

@article{Lemeshow_1982,
  author={Lemeshow, Stanley and Hosmer, David W.},
	year={1982},
	title={A review of goodness of fit statistics for use in the development of logistic-regression models},
  journal={American Journal of Epidemiology},
	volume={115},
	number={1},
	pages={92-106},
	isbn={0002-9262}
}

@article{Bang_2000,
	author={Heejung Bang and Anastasios A. Tsiatis},
	year={2000},
	title={Estimating medical costs with censored data},
	journal={Biometrika},
	volume={87},
	number={2},
    month={June},
	pages={329-343},
	month={Sep.},
	isbn={0006-3444}
}

@incollection{Rotnitzky_2005,
    author={A. G. Rotnitzky and J. M. Robines},
    title={Inverse Probability Weighted Estimation in Survival Analysis},
    booktitle={The Encyclopedia of Biostatistics},
    year={2004},
    editor={Peter Armitage and Theodore Colton},
    edition={Second},
    publisher={John Wiley \& Sons}
    }

@article{Bang_2002,
	author={Heejung Bang and Anastasios A. Tsiatis},
	year={2002},
	title={Median regression with censored cost data},
	journal={Biometrics},
	month={Sep.},
	volume={58},
	number={3},
	pages={643-649},
	isbn={0006-341X}
}

@article{Robins_2000,
	author={J. M. Robins and D. M. Finkelstein},
	year={2000},
	title={Correcting for noncompliance and dependent censoring in an {AIDS} clinical trial with inverse probability of censoring weighted ({IPCW}) log-rank tests},
	journal={Biometrics},
	volume={56},
	number={3},
	pages={779-788},
	isbn={0006-341X}
}

@book{Tsiatis_2006,
	author={A. A. Tsiatis},
	year={2006},
	title={Semiparametric Theory and Missing Data},
  publisher={Springer},
  address={New York}
}

@book{Kalbfleisch_2002,
	author={John D. Kalbfleisch and Ross L. Prentice},
	year={2002},
	title={The Statistical Analysis of Failure Time Data},
  publisher={Wiley},
  address={Hoboken, NJ}
}


@article{Go_2014a,
	author={Alan S. Go and Dariush Mozaffarian and Veronique L. Roger and Emelia J. Benjamin and Jarett D. Berry and Michael J. Blaha and Shifan Dai and Earl S. Ford and Caroline S. Fox and Sheila Franco and Heather J. Fullerton and Cathleen Gillespie and Susan M. Hailpern and John A. Heit and Virginia J. Howard and Mark D. Huffman and Suzanne E. Judd and Brett M. Kissela and Steven J. Kittner and Daniel T. Lackland and Judith H. Lichtman and Lynda D. Lisabeth and Rachel H. Mackey and David J. Magid and Gregory M. Marcus and Ariane Marelli and David B. Matchar and Darren K. McGuire and Mohler Emile R.  III and Claudia S. Moy and Michael E. Mussolino and Robert W. Neumar and Graham Nichol and Dilip K. Pandey and Nina P. Paynter and Matthew J. Reeves and Paul D. Sorlie and Joel Stein and Amytis Towfighi and Tanya N. Turan and Salim S. Virani and Nathan D. Wong and Daniel Woo and Melanie B. Turner and Amer Heart Assoc Stroke Stat and Stroke Statistics Subcomm},
	year={2014},
	month={JAN 21},
	title={Executive Summary: Heart Disease and Stroke Statistics-2014 Update A Report From the American Heart Association},
	journal={Circulation},
	volume={129},
	number={3},
	pages={399-410},
	isbn={0009-7322}
}

@article{Go_2014,
	author={Alan S. Go and Dariush Mozaffarian and Veronique L. Roger and Emelia J. Benjamin and Jarett D. Berry and Michael J. Blaha and Shifan Dai and Earl S. Ford and Caroline S. Fox and Sheila Franco and Heather J. Fullerton and Cathleen Gillespie and Susan M. Hailpern and John A. Heit and Virginia J. Howard and Mark D. Huffman and Suzanne E. Judd and Brett M. Kissela and Steven J. Kittner and Daniel T. Lackland and Judith H. Lichtman and Lynda D. Lisabeth and Rachel H. Mackey and David J. Magid and Gregory M. Marcus and Ariane Marelli and David B. Matchar and Darren K. McGuire and Mohler Emile R.  III and Claudia S. Moy and Michael E. Mussolino and Robert W. Neumar and Graham Nichol and Dilip K. Pandey and Nina P. Paynter and Matthew J. Reeves and Paul D. Sorlie and Joel Stein and Amytis Towfighi and Tanya N. Turan and Salim S. Virani and Nathan D. Wong and Daniel Woo and Melanie B. Turner},
	year={2014},
	month={JAN 21},
	title={Heart Disease and Stroke Statistics 2014 Update: {A} Report From the {A}merican {H}eart {A}ssociation},
	journal={Circulation},
	volume={129},
	number={3},
	pages={E28-E292},
	isbn={0009-7322}
}

@article{Assmann_2002,
    author={Assmann, Gerd and Cullen, Paul and Schulte, Helmut},
	year={2002},
	title={Simple scoring scheme for calculating the risk of acute coronary events based on the 10-year follow-up of the prospective cardiovascular {M}unster {(PROCAM)} study},
	journal={Circulation},
	volume={105},
	number={7},
	pages={900-900},
    month={Feb.},
    day={19}
	isbn={0009-7322}
}

@article{Conroy_2003,
	author={R. M. Conroy and K. Pyorala and A. P. Fitzgerald and S. Sans and A. Menotti and G. DeBacker and D. DeBacquer and P. Ducimetiere and P. Jousilahti and U. Keil and I. Njolstad and R. G. Oganov
    and T. Thomsen and H. Tunstall-Pedoe and A. Tverdal and H. Wedel and P. Whincup and L. Wilhelmsen and I. M. Graham },
	year={2003},
	title={Estimation of ten-year risk of fatal cardiovascular disease in {Europe}: {T}he {SCORE} project},
	journal={European Heart Journal},
	volume={24},
	number={11},
	pages={987-1003},
	isbn={0195-668X}
}

@article{Cooney_2009,
	author={Marie Therese Cooney and Alexandra L. Dudina and Ian M. Graham},
	year={2009},
	title={Value and limitations of existing scores for the assessment of cardiovascular risk: {A} review for clinicians},
	journal={Journal of the American College Cardiology},
	volume={54},
	number={14},
	pages={1209-1227},
	isbn={0735-1097}
}

@article{Cooney_2010,
	author={Marie Therese Cooney and Alexandra Dudina and Ralph D'Agostino and Ian M. Graham},
	year={2010},
	title={Cardiovascular Risk-Estimation Systems in Primary Prevention: {D}o They Differ? {D}o They Make a Difference? {C}an We See the Future?},
	journal={Circulation},
	volume={122},
	number={3},
	pages={300-310},
	isbn={0009-7322}
}

@article{DAgostino_2008,
    author={D’Agostino, Ralph B. and Vasan, Ramachandran S. and Pencina, Michael J. and Wolf, Philip A. and Cobain, Mark and Massaro, Joseph M. and Kannel, William B.},
	year={2008},
	title={General cardiovascular risk profile for use in primary care: {T}he {F}ramingham heart study},
	journal={Circulation},
	volume={118},
	number={4},
	pages={E86-E86},
	isbn={0009-7322}
}

@article{HippisleyCox_2008,
    author={Hippisley-Cox, Julia and Coupland, Carol and Vinogradova, Yana and Robson, John and Brindle, P.},
	year={2008},
	title={Performance of the QRISK cardiovascular risk prediction algorithm in an independent {UK} sample of patients from general practice: {A} validation study},
	journal={Heart},
	volume={94},
	number={1},
	pages={34-39},
	isbn={1355-6037}
}

@article{HippisleyCox_2007,
	author={Julia Hippisley-Cox and Carol Coupland and Yana Vinogradova and John Robson and Margaret May and Peter Brindle},
	year={2007},
	title={Derivation and validation of {QRISK}, a new cardiovascular disease risk score for the {United Kingdom}: {P}rospective open cohort study},
	journal={British Medical Journal},
	volume={335},
	number={7611},
	pages={136-141},
	isbn={0959-535X}
}

@article{HippisleyCox_2008a,
	author={Julia Hippisley-Cox and Carol Coupland and Yana Vinogradova and John Robson and Rubin Minhas and Aziz Sheikh and Peter Brindle},
	year={2008},
	title={Predicting cardiovascular risk in {E}ngland and {W}ales: {P}rospective derivation and validation of {QRISK2}},
	journal={British Medical Journa;},
	volume={336},
	number={7659},
	pages={1475-1489},
	isbn={0959-535X}
}

@article{LloydJones_2010,
	author={Donald M. Lloyd-Jones},
	year={2010},
	title={Cardiovascular Risk Prediction Basic Concepts, Current Status, and Future Directions},
	journal={Circulation},
	volume={121},
	number={15},
	pages={1768-1777},
	isbn={0009-7322}
}

@article{Ridker_2007,
	author={P. M. Ridker and J. E. Buring and N. Rifai and N. R. Cook},
	year={2007},
	title={Development and validation of improved algorithms for the assessment of global cardiovascular risk in women: {T}he {R}eynolds risk score},
	journal={JAMA: Journal of the  American Medocal Association},
	volume={297},
	number={13},
	pages={1433-1433},
	isbn={0098-7484}
}

@article{Ridker_2008,
	author={Paul M. Ridker and Nina P. Paynter and Nader Rifai and Michael Gaziano and Nancy R. Cook},
	year={2008},
	title={C-Reactive Protein and Parental History Improve Global Cardiovascular Risk Prediction: {T}he {R}eynolds Risk Score for Men},
	journal={Circulation},
	volume={118},
	number={18},
	pages={S1145-S1145},
	isbn={0009-7322}
}

@article{Woodward_2007,
	author={Mark Woodward and Peter Brindle and Hugh Tunstall-Pedoe},
	year={2007},
	title={Adding social deprivation and family history to cardiovascular risk assessment: {T}he {ASSIGN} score from the {Scottish Heart Health Extended Cohort (SHHEC)}},
	journal={Heart},
	volume={93},
	number={2},
	pages={172-176},
	isbn={1355-6037}
}

@article{Blanco_2005,
    author={Blanco, Rosa and Inza, I{\~n}aki and Merino, Marisa and Quiroga, Jorge and Larra{\~n}aga, Pedro},
	year={2005},
	title={Feature selection in {B}ayesian classifiers for the prognosis of survival of cirrhotic patients treated with {TIPS}},
    journal={Journal of Biomedical Informatics},
	volume={38},
	number={5},
    month = {Oct.},
	pages={376-388},
	isbn={1532-0464}
}

@article{Kattan_2003,
	author={Michael W. Kattan},
	year={2003},
	title={Comparison of {Cox} regression with other methods for determining prediction models and nomograms},
	journal={The Journal of Urology},
	volume={170},
	number={6},
	pages={S6-S9},
	isbn={0022-5347}
}

@article{Kattan_1998,
	author={Kattan, Michael W and Hess, Kenneth R and Beck, J Robert},
	year={1998},
	title={Experiments to determine whether recursive partitioning ({CART}) or an artificial neural network overcomes theoretical limitations of {Cox} proportional hazards regression},
	 journal={Computers and Biomedical Research},
	volume={31},
	number={5},
	pages={363-373},
	isbn={0010-4809}
}

@article{Larranaga_1997,
  author={Larranaga, Pedro and Sierra, Basilio and Gallego, Miren J. and Michelena, Maria J. and Picaza, Juan M.},
	year={1997},
	title={Learning {B}ayesian networks by genetic algorithms: {A} case study in the prediction of survival in malignant skin melanoma},
	journal={Artifical Intelligence in Medicine},
	volume={1211},
	pages={261-272},
	isbn={0302-9743; 3-540-62709-X}
}

@article{Sierra_1998,
	author={B. Sierra and P. Larranaga},
	year={1998},
	title={Predicting survival in malignant skill melanoma using {B}ayesian networks automatically induced by genetic algorithms: {A}n empirical comparison between different approaches},
	journal={Artif Intell Med},
	volume={14},
	number={1-2},
	pages={215-230},
	isbn={0933-3657}
}

@article{Stajduhar_2012,
	author={Ivan Stajduhar and Bojana Dalbelo-Basic},
	year={2012},
	month={JUN 15},
	title={Uncensoring censored data for machine learning: {A} likelihood-based approach},
	journal={Expert Syst Appl},
	volume={39},
	number={8},
	pages={7226-7234},
	isbn={0957-4174}
}

@article{Stajduhar_2010,
	author={Ivan Stajduhar and Bojana Dalbelo-Basic},
	year={2010},
	month={AUG},
	title={Learning {B}ayesian networks from survival data using weighting censored instances},
	journal={J Biomed Inform},
	volume={43},
	number={4},
	pages={613-622},
	isbn={1532-0464}
}

@article{Stajduhar_2009,
	author={Ivan Stajduhar and Bojana Dalbelo-Basic and Nikola Bogunovic},
	year={2009},
	title={Impact of censoring on learning {B}ayesian networks in survival modelling},
	journal={Artif Intell Med},
	volume={47},
	number={3},
	pages={199-217},
	isbn={0933-3657}
}

@article{THERNEAU_1990,
	author={T M Therneau and P M Grambsch and T R Fleming},
	year={1990},
	title={Martingale-Based Residuals for Survival Models},
	journal={Biometrika},
	volume={77},
	number={1},
	pages={147-160},
	isbn={0006-3444}
}

@INPROCEEDINGS{Tian_2010,
AUTHOR = "Jin Tian and Ru He and Lavanya Ram",
TITLE = "Bayesian Model Averaging Using the k-best {B}ayesian Network Structures",
BOOKTITLE = "Proceedings of the Twenty-Sixth Conference Annual Conference on Uncertainty in Artificial Intelligence (UAI-10)",
PUBLISHER = "AUAI Press",
ADDRESS = "Corvallis, Oregon",
YEAR = "2010",
PAGES = "589--597"
}

@book{Harrell,
  title={Regression Modeling Strategies},
  author={Harrell, Frank E.},
  year={2001},
  publisher={Springer-Verlag},
  address={New York}
}

@article{Jackson_2009,
	author={Christopher H. Jackson and Simon G. Thompson and Linda D. Sharples},
	year={2009},
	title={Accounting for uncertainty in health economic decision models by using model averaging},
	journal={Journal of the Royal Statistical Society Series A},
	volume={172},
	pages={383-404},
	isbn={0964-1998}
}

@article{Pencina_2011,
	author={Michael J. Pencina and Ralph B. {D'Agostino Sr}. and Ewout W. Steyerberg},
	year={2011},
	title={Extensions of net reclassification improvement calculations to measure usefulness of new biomarkers},
	journal={Stat Med},
	volume={30},
	number={1},
	pages={11-21},
	isbn={0277-6715}
}

@article{Zupan_2000,
	author={B. Zupan and J. Demsar and M W Kattan and J R Beck and I. Bratko},
	year={1999},
	title={Machine learning for survival analysis: {A} case study on recurrence of prostate cancer},
	journal={Artif Intell Med},
	volume={1620},
	pages={346-355},
	isbn={0302-9743; 3-540-66162-X}
}

@article{Cox_1972,
	author={D. R. Cox},
	year={1972},
	title={Regression models and life-tables},
	journal={Journal of the Royal Statistical Society Series B},
	volume={34},
    number={2},
	pages={187-220}
}

@article{Buckley_1979,
	author={Jonathan Buckley and Ian James},
	year={1979},
	title={Linear-Regression with Censored Data},
	journal={Biometrika},
	volume={66},
	number={3},
    month={Dec.}
	pages={429-436},
	isbn={0006-3444}
}
%%%%%%%%%%%%%%%%%%%%%%%%%%%%%%%%%%%%%%%%%%%%%%%%%%%%%%%%%%%%

@article{clarke2004model,
  title={A model to estimate the lifetime health outcomes of patients with type 2 diabetes: {T}he {U}nited {K}ingdom {P}rospective {D}iabetes {S}tudy ({UKPDS}) Outcomes Model},
  author={Clarke, P M and Gray, A M and Briggs, A and Farmer, A J and Fenn, P and Stevens, R J and Matthews, D R and Stratton, I M and Holman, R R},
  journal={Diabetologia},
  volume={47},
  number={10},
  pages={1747--1759},
  year={2004},
  publisher={Springer}
}


@article{d2008general,
  title={General cardiovascular risk profile for use in primary care},
  author={D’Agostino Sr, Ralph B and Vasan, Ramachandran S and Pencina, Michael J and Wolf, Philip A and Cobain, Mark and Massaro, Joseph M and Kannel, William B},
  journal={Circulation},
  volume={117},
  number={6},
  pages={743--753},
  year={2008},
  publisher={Am Heart Assoc}
}

@article{garg2005effectsCDSS,
  title={Effects of computerized clinical decision support systems on practitioner performance and patient outcomes},
  author={Garg, A. X. and Adhikari, N. K. J. and McDonald, H. and Rosas-Arellano, M. P. and Devereaux, P J and Beyene, J. and Sam, J. and Haynes, R. B.},
  journal={JAMA: Journal of the Amerocan Medocal Association},
  volume={293},
  number={10},
  pages={1223--1238},
  year={2005},
  publisher={Am Med Assoc}
}

@article{lowensteyn1998can,
  title={Can computerized risk profiles help patients improve their coronary risk? The results of the Coronary Health Assessment Study (CHAS)},
  author={Lowensteyn, I. and Joseph, L. and Levinton, C. and Abrahamowicz, M. and Steinert, Y. and Grover, S.},
  journal={Prev Med},
  volume={27},
  number={5},
  pages={730--737},
  year={1998},
  publisher={Elsevier}
}

@article{murphy2012comparing,
  title={Comparing Medication Wastage by Fill Quantity and Fulfillment Channel},
  author={Murphy, P. and Khandelwal, N. and Ian Duncan},
  journal={Am J Pharm Benefits},
  volume={4},
  number={5},
  pages={e166--e171},
  year={2012}
}
%Cite this for conditional normal

@book{eaton1983multivariate,
  title={Multivariate statistics: a vector space approach},
  author={Eaton, M. L.},
  year={1983},
  publisher={Wiley New York},
  pages={116--117}
}

@article{ridker2007development,
  title={Development and validation of improved algorithms for the assessment of global cardiovascular risk in women},
  author={Ridker, Paul M and Buring, Julie E and Rifai, Nader and Cook, Nancy R},
  journal={JAMA: Journal of the American Medical Association},
  volume={297},
  number={6},
  pages={611--619},
  year={2007},
  publisher={Am Med Assoc}
}

@article{chalmers2008ukpds,
  title={UKPDS and the legacy effect},
  author={Chalmers, John and Cooper, Mark E},
  journal={New Engl J Med},
  volume={359},
  number={15},
  pages={1618--1620},
  year={2008},
  publisher={Mass Medical Soc}
}
%The following article shows a non-monotonic relation between obesity & risk.

@article{flegal2005excess,
  title={Excess deaths associated with underweight, overweight, and obesity},
  author={Flegal, Katherine M and Graubard, Barry I and Williamson, David F and Gail, Mitchell H},
  journal={JAMA: Joiurnal of the American Medical Association},
  volume={293},
  number={15},
  pages={1861--1867},
  year={2005},
  publisher={Am Med Assoc}
}
%Effect of increasing medications on risk

@article{olsson2000increased,
  title={Increased mortality in Type II diabetic patients using sulphonylurea and metformin in combination: a population-based observational study},
  author={Olsson, J and Lindberg, G and Gotts{\"a}ter, M and Lindwall, K and Sj{\"o}strand, {\AA} and Tisell, A and Melander, A},
  journal={Diabetologia},
  volume={43},
  number={5},
  pages={558--560},
  year={2000},
  publisher={Springer}
}
%Effect of single treatment counters previous citation

@article{abbasi2004effect,
  title={Effect of metformin treatment on multiple cardiovascular disease risk factors in patients with type 2 diabetes mellitus.},
  author={Abbasi, Fahim and Chu, James W and McLaughlin, Tracey and Lamendola, Cindy and Leary, Elizabeth T and Reaven, Gerald M and others},
  journal={Metabolism},
  volume={53},
  number={2},
  pages={159},
  year={2004}
}

@article{rockwood2011blood,
  title={Blood pressure in relation to age and frailty},
  author={Rockwood, Michael RH and Howlett, Susan E},
  journal={Can Geriatr J},
  volume={14},
  number={1},
  pages={2--7},
  year={2011}
}

@article{grover2003improving,
  title={Improving the prediction of cardiovascular risk: {I}nteraction between {LDL} and {HDL} cholesterol},
  author={Grover, Steven A and Dorais, Marc and Coupal, Louis},
  journal={Epidemiology},
  volume={14},
  number={3},
  pages={315--320},
  year={2003},
  publisher={LWW}
}

@article{kochanek2011national,
  title={National vital statistics reports},
  author={Kochanek, Kenneth D and Xu, Jiaquan and Murphy, Sherry L and Mini{\~n}o, Arialdi M and Kung, Hsiang-Ching},
  journal={National Vital Statistics Reports},
  volume={59},
  number={4},
  pages={1},
  year={2011}
}

@article{tzoulaki2009assessment,
  title={Assessment of claims of improved prediction beyond the {F}ramingham risk score},
  author={Tzoulaki, Ioanna and Liberopoulos, George and Ioannidis, John P},
  journal={JAMA: Journal of the American Medical Association},
  volume={302},
  number={21},
  pages={2345--2352},
  year={2009},
  publisher={Am Med Assoc}
}

@article{pilote2007comprehensive,
  title={A comprehensive view of sex-specific issues related to cardiovascular disease},
  author={Pilote, Louise and Dasgupta, Kaberi and Guru, Veena and Humphries, Karin H and McGrath, Jennifer and Norris, Colleen and Rabi, Doreen and Tremblay, Johanne and Alamian, Arsham and Barnett, Tracie and others},
  journal={Canad Med Assoc J},
  volume={176},
  number={6},
  pages={S1--S44},
  year={2007},
  publisher={Canadian Medical Association}
}

@article{shachter1989gaussian,
  title={Gaussian influence diagrams},
  author={Shachter, Ross D and Kenley, C Robert},
  journal={Manage Sci},
  volume={35},
  number={5},
  pages={527--550},
  year={1989},
  publisher={INFORMS}
}

@techreport{murphy1998inference,
  title={Inference and learning in hybrid {B}ayesian networks},
  author={Murphy, Kevin P},
  year={1998},
  institution={University of California, Berkeley, Computer Science Division}
}

@article{dempster1977maximum,
  title={Maximum likelihood from incomplete data via the {EM} algorithm},
  author={Dempster, Arthur P. and Laird, Nan M. and Rubin, Donald B.},
  journal={Journal of the Royal Statistical Society Series B},
  volume={39},
  number={1},
  pages={1-38},
  year={1977},
  publisher={JSTOR}
}


@article{pencina2008evaluating,
  title={Evaluating the added predictive ability of a new marker: {F}rom area under the {ROC} curve to reclassification and beyond},
  author={Pencina, Michael J and D'Agostino Sr, Ralph B and D'Agostino Jr, Ralph B and Vasan, Ramachandran S},
  journal={Stat Med},
  volume={27},
  number={2},
  pages={157--172},
  year={2008},
  publisher={Wiley Online Library}
}


@techreport{matheny2011systematic,
  title={Systematic Review of Cardiovascular Disease Risk Assessment Tools},
  author={Matheny, Michael and McPheeters, Melissa L and Glasser, Allison and Mercaldo, Nate and Weaver, Rachel B and Jerome, Rebecca N and Walden, Rachel and McKoy, J Nikki and Pritchett, Jason and Tsai, Chris},
  year={2011},
  institution={Agency for Healthcare Research and Quality (US)}
}

@book{gordon2005framingham,
  title={Framingham study},
  author={Gordon, Tavia and D'agostino, Ralph B},
  year={2005},
  publisher={Wiley Online Library}
}

@inproceedings{davies2000mix,
  title={Mix-nets: Factored mixtures of {G}aussians in {B}ayesian networks with mixed continuous and discrete variables},
  author={Davies, Scott and Moore, Andrew},
  booktitle={Proceedings of the Sixteenth Conference on Uncertainty in Artificial Intelligence},
  pages={168--175},
  year={2000},
  organization={Morgan Kaufmann Publishers Inc.}
}

@article{d2001validation,
  title={Validation of the Framingham coronary heart disease prediction scores},
  author={D'Agostino Sr, Ralph B and Grundy, Scott and Sullivan, Lisa M and Wilson, Peter and others},
  journal={JAMA: Journal of the American Medical Association},
  volume={286},
  number={2},
  pages={180--187},
  year={2001},
  publisher={Am Med Assoc}
}

@article{song2004comparison,
  title={Comparison of machine learning techniques with classical statistical models in predicting health outcomes},
  author={Song, Xiaowei and Mitnitski, Arnold and Cox, Jafna and Rockwood, Kenneth},
  journal={Medinfo},
  volume={11},
  number={1},
  pages={736--40},
  year={2004}
}

@article{ohno2001modeling,
  title={Modeling medical prognosis: {S}urvival analysis techniques},
  author={Ohno-Machado, Lucila},
  journal={J Biomed Inform},
  volume={34},
  number={6},
  pages={428--439},
  year={2001},
  publisher={Elsevier}
}

@inproceedings{colombet2000models,
  title={Models to predict cardiovascular risk: {C}omparison of {CART}, multilayer perceptron and logistic regression.},
  author={Colombet, Isabelle and Ruelland, Alan and Chatellier, Gilles and Gueyffier, Fran{\c{c}}ois and Degoulet, P. and Jaulent, M. C.},
  booktitle={Proceedings of the AMIA Symposium},
  pages={156-160},
  year={2000},
  organization={American Medical Informatics Association}
}

@article{hellinger1995selection,
  title={Selection bias in HMOs and PPOs: a review of the evidence},
  author={Hellinger, Fred J},
  journal={Inquiry},
  pages={135--142},
  year={1995},
  publisher={JSTOR}
}

@book{stuart2003artificial,
  title={Artificial Intelligence: A Modern Approach},
  author={Stuart, Russell and Peter, Norvig},
  pages={495},
  volume={2},
  address={Upper Saddle River, New Jersey},
  year={2003},
  publisher={Prentice Hall}
}

@techreport{fraley2012mclust,
  title={{MCLUST} Version 4 for {R}: Normal Mixture Modeling for Model-Based Clustering, Classification, and Density Estimation},
  author={Fraley, Chris and Raftery, Adrian E. and Murphy, T. Brendan and Scrucca, Luca},
  year={2012},
  institution={University of Washington, Department of Statistics}
}

@article{Cook2009,
abstract = {Models for risk prediction are widely used in clinical practice to risk stratify and assign treatment strategies. The contribution of new biomarkers has largely been based on the area under the receiver operating characteristic curve, but this measure can be insensitive to important changes in absolute risk. Methods based on risk stratification have recently been proposed to compare predictive models. These include the reclassification calibration statistic, the net reclassification improvement (NRI), and the integrated discrimination improvement (IDI). This work demonstrates the use of reclassification measures, and illustrates their performance for well-known cardiovascular risk predictors in a cohort of women. These measures are targeted at evaluating the potential of new models and markers to change risk strata and alter treatment decisions.},
author = {Cook, N R and Ridker, P M},
journal = {Ann Interm Med},
number = {11},
pages = {795--802},
title = {{The use and magnitude of reclassification measures for individual predictors of global cardiovascular risk}},
volume = {150},
year = {2009}
}

@article{crookston2008yaimpute,
  title={{yaImpute}: An {R} package for {kNN} imputation},
  author={Crookston, Nicholas L and Finley, Andrew O},
  journal={J Stat Softw},
  volume={23},
  number={10},
  pages={1--16},
  year={2008},
  publisher={American Statistical Association}
}

@article{ishwaran2008random,
  title={Random survival forests},
  author={Ishwaran, Hemant and Kogalur, Udaya B. and Blackstone, Eugene H. and Lauer, Michael S.},
  journal={The Annals of Applied Statistics},
  pages={841--860},
  year={2008},
  publisher={JSTOR}
}

@article{stamler1993blood,
  title={Blood pressure, systolic and diastolic, and cardiovascular risks: US population data},
  author={Stamler, Jeremiah and Stamler, Rose and Neaton, James D},
  journal={Archives of internal medicine},
  volume={153},
  number={5},
  pages={598},
  year={1993},
  publisher={Am Med Assoc}
}




@article{Andreassen_1999,
    author={Andreassen, Steen and Riekehr, Christian and Kristensen, Brian and Sch{\o}nheyder, Henrik C and Leibovici, Leonard},
	year={1999},
	month={Feb.},
	title={Using probabilistic and decision-theoretic methods in treatment and prognosis modeling},
	journal={Artifical Intelligence in Medicine},
	volume={15},
	number={2},
	pages={121-134},
	isbn={0933-3657}
}

@article{Kazmierska_2008,
	author={Joanna Kazmierska and Julian Malicki},
	year={2008},
	month={Feb.},
	title={Application of the Naive {B}ayesian Classifier to optimize treatment decisions},
	journal={Radiotherapy and Oncology},
	volume={86},
	number={2},
	pages={211-216},
	isbn={0167-8140}
}

@article{Lappenschaar_2013,
	author={Martijn Lappenschaar and Arjen Hommersom and Peter J. F. Lucas and Joep Lagro and Stefan Visscher},
	year={2013},
	month={Mar.},
	title={Multilevel {B}ayesian networks for the analysis of hierarchical health care data},
	journal={Artificial Intelligence in Medicine},
	volume={57},
	number={3},
	pages={171-183},
	isbn={0933-3657}
}

@article{Lipsky_2005,
	author={A. M. Lipsky and R. J. Lewis},
	year={2005},
	month={MAR},
	title={Placing the {B}ayesian network approach to patient diagnosis in perspective},
	journal={Ann Emerg Med},
	volume={45},
	number={3},
	pages={291-294},
	isbn={0196-0644}
}

@article{Lucas_1998,
	author={P. J. F. Lucas and H. Boot and B. G. Taal},
	year={1998},
	month={SEP},
	title={Computer-based decision support in the management of primary gastric non-{H}odgkin lymphoma},
	journal={Method Inform Med},
	volume={37},
	number={3},
	pages={206-219},
	isbn={0026-1270}
}

@article{Lucas_2000,
	author={P. J. F. Lucas and N. C. deBruijn and K. Schurink and A. Hoepelman},
	year={2000},
	month={JUL},
	title={A probabilistic and decision-theoretic approach to the management of infectious disease at the {ICU}},
	journal={Artif Intell Med},
	volume={19},
	number={3},
	pages={251-279},
	isbn={0933-3657}
}

@article{Lucas_2004,
	author={P. J. F. Lucas and L.C. {van der Gaag} and A. Abu-Hanna},
	year={2004},
	month={MAR},
	title={{B}ayesian networks in biomedicine and health-care},
	journal={Artif Intell Med},
	volume={30},
	number={3},
	pages={201-214},
	isbn={0933-3657}
}

@article{Sarkar_2013,
	author={Shantanu Sarkar and Jodi Koehler},
	year={2013},
	month={JAN},
	title={A Dynamic Risk Score to Identify Increased Risk for Heart Failure Decompensation},
	journal={IEEE T Biomed-Eng},
	volume={60},
	number={1},
	pages={147-150},
	isbn={0018-9294}
}

@article{Sesen_2013,
	author={M. Berkan Sesen and Ann E. Nicholson and Rene Banares-Alcantara and Timor Kadir and Michael Brady},
	year={2013},
	month={DEC 6},
	title={{B}ayesian Networks for Clinical Decision Support in Lung Cancer Care},
	journal={PLOS One},
	volume={8},
	number={12},
	pages={e82349},
	isbn={1932-6203}
}

@article{Smith_2009,
	author={Wade P. Smith and Jason Doctor and Juergen Meyer and Ira J. Kalet and Mark H. Phillips},
	year={2009},
	month={JUN},
	title={A decision aid for intensity-modulated radiation-therapy plan selection in prostate cancer based on a prognostic {B}ayesian network and a {M}arkov model},
	journal={Artif Intell Med},
	volume={46},
	number={2},
	pages={119-130},
	isbn={0933-3657}
}

@article{Velika_2014,
	author={Marina Velikova and Josien Terwisscha van Scheltinga and Peter J. F. Lucas and Marc Spaanderman},
	year={2014},
	month={JAN},
	title={Exploiting causal functional relationships in Bayesian network modelling for personalised healthcare},
	journal={Int J Approx Reason},
	volume={55},
	number={1},
	pages={59-73},
	isbn={0888-613X}
}

@article{Verduijn_2007,
	author={Marion Verduijn and Niels Peek and Peter M. J. Rosseel and Evert de Jonge and Bas A. J. M. de Mol},
	year={2007},
	month={DEC},
	title={Prognostic {B}ayesian networks {I}: {R}ationale, learning procedure, and clinical use},
	journal={J Biomed Inform},
	volume={40},
	number={6},
	pages={609-618},
	isbn={1532-0464}
}

@article{Frances_2013,
	author={Joan Vila-Frances and Juan Sanchis and Emilio Soria-Olivas and Antonio Jose Serrano and Marcelino Martinez-Sober and Clara Bonanad and Silvia Ventura},
	year={2013},
	month={SEP 15},
	title={Expert system for predicting unstable angina based on {B}ayesian networks},
	journal={Expert Syst Appl},
	volume={40},
	number={12},
	pages={5004-5010},
	isbn={0957-4174}
}

@article{Yet_2013,
	author={Barbaros Yet and Kaveh Bastani and Hendry Raharjo and Svante Lifvergren and William Marsh and Bo Bergman},
	year={2013},
	month={MAY},
	title={Decision support system for {W}arfarin therapy management using {B}ayesian networks},
	journal={Decision Support Systems},
	volume={55},
	number={2},
	pages={488-498},
	isbn={0167-9236}
}

@article{Pepe_2011,
	author={Margaret S. Pepe},
	year={2011},
	title={Problems With Risk Reclassification Methods for Evaluating Prediction Models},
	journal={Am J Epidemiol},
	volume={173},
	number={11},
	pages={1327-35}
}

@article{greenwood1926report,
  title={A report on the natural duration of cancer.},
  author={Greenwood, Major},
  journal={Reports on Public Health and Medical Subjects. Ministry of Health},
  number={33},
  year={1926},
  publisher={London: HMSO}
}

@article{centers2011vital,
  title={Vital signs: current cigarette smoking among adults aged≥ 18 years--United States, 2005-2010.},
  author={Israel T. Agaku and Brian A. King and Shanta R. Dube},
  journal={MMWR. Morbidity and mortality weekly report},
  volume={60},
  number={35},
  pages={1207},
  year={2011}
}

@article{lamon1996impact,
  title={Impact of Body Mass Index on Coronary Heart Disease Risk Factors in Men and Women The Framingham Offspring Study},
  author={Lamon-Fava, Stefania and Wilson, Peter WF and Schaefer, Ernst J},
  journal={Arteriosclerosis, thrombosis, and vascular biology},
  volume={16},
  number={12},
  pages={1509--1515},
  year={1996},
  publisher={Am Heart Assoc}
}

@article{law2003quantifying,
  title={Quantifying effect of statins on low density lipoprotein cholesterol, ischaemic heart disease, and stroke: systematic review and meta-analysis},
  author={Law, Malcolm R and Wald, Nicholas J and Rudnicka, AR},
  journal={Bmj},
  volume={326},
  number={7404},
  pages={1423},
  year={2003},
  publisher={BMJ}
}
